@inproceedings{billiongate,
  title={Billion-Gate Secure Computation with Malicious Adversaries.},
  author={Kreuter, Benjamin and shelat, abhi and Shen, Chih-Hao},
  booktitle={USENIX Security Symposium},
  pages={285--300},
  year={2012}
}

@inproceedings{fast2pc,
  title={Fast two-party secure computation with minimal assumptions},
  author={Shen, Chih-hao and shelat, abhi},
  booktitle={Proceedings of the 2013 ACM SIGSAC conference on Computer \& communications security},
  pages={523--534},
  year={2013},
  organization={ACM}
}

@incollection{two-output,
  title={Two-output secure computation with malicious adversaries},
  author={Shen, Chih-hao and Shelat, Abhi},
  booktitle={Advances in Cryptology--EUROCRYPT 2011},
  pages={386--405},
  year={2011},
  publisher={Springer}
}

@incollection{LP07,
  title={An efficient protocol for secure two-party computation in the presence of malicious adversaries},
  author={Lindell, Yehuda and Pinkas, Benny},
  booktitle={Advances in Cryptology-EUROCRYPT 2007},
  pages={52--78},
  year={2007},
  publisher={Springer}
}

@article{yaoprotocols,
  title={Protocols for Secure Computation},
  author={YAO, AC},
  journal={23rd FOCS, 1982},
  year={1982}
}

@inproceedings{HEKM,
 author = {Huang, Yan and Evans, David and Katz, Jonathan and Malka, Lior},
 title = {Faster Secure Two-party Computation Using Garbled Circuits},
 booktitle = {Proceedings of the 20th USENIX Conference on Security},
 series = {SEC'11},
 year = {2011},
 location = {San Francisco, CA},
 pages = {35--35},
 numpages = {1},
 url = {http://dl.acm.org/citation.cfm?id=2028067.2028102},
 acmid = {2028102},
 publisher = {USENIX Association},
 address = {Berkeley, CA, USA},
} 
