
@article{halfgates,
  title={Two Halves Make a Whole: Reducing Data Transfer in Garbled Circuits using Half Gates},
  author={Zahur, Samee and Rosulek, Mike and Evans, David},
  year={2014}
}

@incollection{flexor,
  title={FleXOR: Flexible garbling for XOR gates that beats free-XOR},
  author={Kolesnikov, Vladimir and Mohassel, Payman and Rosulek, Mike},
  booktitle={Advances in Cryptology--CRYPTO 2014},
  pages={440--457},
  year={2014},
  publisher={Springer}
}

@article{yaoproof,
  title={A proof of security of Yao?s protocol for two-party computation},
  author={Lindell, Yehuda and Pinkas, Benny},
  journal={Journal of Cryptology},
  volume={22},
  number={2},
  pages={161--188},
  year={2009},
  publisher={Springer}
}

@inproceedings{FairPlay,
  title={Fairplay-Secure Two-Party Computation System.},
  author={Malkhi, Dahlia and Nisan, Noam and Pinkas, Benny and Sella, Yaron and others},
  booktitle={USENIX Security Symposium},
  volume={4},
  year={2004},
  organization={San Diego, CA, USA}
}

@article{yaoprotocols,
  title={Protocols for Secure Computation},
  author={YAO, AC},
  journal={23rd FOCS, 1982},
  year={1982}
}

@incollection{freeXOR,
  title={Improved garbled circuit: Free XOR gates and applications},
  author={Kolesnikov, Vladimir and Schneider, Thomas},
  booktitle={Automata, Languages and Programming},
  pages={486--498},
  year={2008},
  publisher={Springer}
}

@incollection{GRR,
  title={Secure two-party computation is practical},
  author={Pinkas, Benny and Schneider, Thomas and Smart, Nigel P and Williams, Stephen C},
  booktitle={Advances in Cryptology--ASIACRYPT 2009},
  pages={250--267},
  year={2009},
  publisher={Springer}
}

@inproceedings{immunizing,
  title={Immunizing encryption schemes from decryption errors},
  author={Dwork, Cynthia and Naor, Moni and Reingold, Omer},
  booktitle={Advances in Cryptology-EUROCRYPT 2004},
  pages={342--360},
  year={2004},
  organization={Springer}
}
